@article{malmi2015dopelearning,
  title={Dopelearning: A computational approach to rap lyrics generation},
  author={Malmi, Eric and Takala, Pyry and Toivonen, Hannu and Raiko, Tapani and Gionis, Aristides},
  journal={arXiv preprint arXiv:1505.04771},
  year={2015}
}

@inproceedings{mikolov2010recurrent,
  title={Recurrent neural network based language model.},
  author={Mikolov, Tomas and Karafi{\'a}t, Martin and Burget, Lukas and Cernock{\`y}, Jan and Khudanpur, Sanjeev},
  booktitle={Interspeech},
  volume={2},
  pages={3},
  year={2010}
}

@inproceedings{zhang2014chinese,
  title={Chinese Poetry Generation with Recurrent Neural Networks.},
  author={Zhang, Xingxing and Lapata, Mirella},
  booktitle={EMNLP},
  pages={670--680},
  year={2014}
}

@article{yanchinese,
  title={Chinese Couplet Generation with Neural Network Structures},
  author={Yan, Rui and Li, Cheng-Te and Hu, Xiaohua and Zhang, Ming}
}

@article{wang2016chinese,
  title={Chinese song iambics generation with neural attention-based model},
  author={Wang, Qixin and Luo, Tianyi and Wang, Dong and Xing, Chao},
  journal={arXiv preprint arXiv:1604.06274},
  year={2016}
}

@article{bahdanau2014neural,
  title={Neural machine translation by jointly learning to align and translate},
  author={Bahdanau, Dzmitry and Cho, Kyunghyun and Bengio, Yoshua},
  journal={arXiv preprint arXiv:1409.0473},
  year={2014}
}

@book{cai2008chinesepoetry,
  title={How to read Chinese poetry: a guided anthology},
  author={Cai, Zong-qi},
  year={2008},
  publisher={Columbia University Press}
}

@misc{wikici,
  author = {Wikipedia},
  title = {{Ci (poetry)}},
  howpublished = "\url{https://en.wikipedia.org/wiki/Ci_(poetry)/}",
  year = {last accessed 2017}
}