@inproceedings{tosa2008hitch,
  title={Hitch haiku: An interactive supporting system for composing haiku poem},
  author={Tosa, Naoko and Obara, Hideto and Minoh, Michihiko},
  booktitle={International Conference on Entertainment Computing},
  pages={209--216},
  year={2008},
  organization={Springer}
}

@inproceedings{wu2009new,
  title={New hitch haiku: An interactive renku poem composition supporting tool applied for sightseeing navigation system},
  author={Wu, Xiaofeng and Tosa, Naoko and Nakatsu, Ryohei},
  booktitle={International Conference on Entertainment Computing},
  pages={191--196},
  year={2009},
  organization={Springer}
}

@article{malmi2015dopelearning,
  title={Dopelearning: A computational approach to rap lyrics generation},
  author={Malmi, Eric and Takala, Pyry and Toivonen, Hannu and Raiko, Tapani and Gionis, Aristides},
  journal={arXiv preprint arXiv:1505.04771},
  year={2015}
}

@inproceedings{mikolov2010recurrent,
  title={Recurrent neural network based language model.},
  author={Mikolov, Tomas and Karafi{\'a}t, Martin and Burget, Lukas and Cernock{\`y}, Jan and Khudanpur, Sanjeev},
  booktitle={Interspeech},
  volume={2},
  pages={3},
  year={2010}
}

@inproceedings{zhang2014chinese,
  title={Chinese Poetry Generation with Recurrent Neural Networks.},
  author={Zhang, Xingxing and Lapata, Mirella},
  booktitle={EMNLP},
  pages={670--680},
  year={2014}
}

@article{yanchinese,
  title={Chinese Couplet Generation with Neural Network Structures},
  author={Yan, Rui and Li, Cheng-Te and Hu, Xiaohua and Zhang, Ming}
}

@article{wang2016chinese,
  title={Chinese song iambics generation with neural attention-based model},
  author={Wang, Qixin and Luo, Tianyi and Wang, Dong and Xing, Chao},
  journal={arXiv preprint arXiv:1604.06274},
  year={2016}
}

@article{bahdanau2014neural,
  title={Neural machine translation by jointly learning to align and translate},
  author={Bahdanau, Dzmitry and Cho, Kyunghyun and Bengio, Yoshua},
  journal={arXiv preprint arXiv:1409.0473},
  year={2014}
}

@book{cai2008chinesepoetry,
  title={How to read Chinese poetry: a guided anthology},
  author={Cai, Zong-qi},
  year={2008},
  publisher={Columbia University Press}
}

@misc{wikici,
  author = {Wikipedia},
  title = {{Ci (poetry)}},
  howpublished = "\url{https://en.wikipedia.org/wiki/Ci_(poetry)/}",
  year = {last accessed 2017}
}

@misc{tensorflow,
  author = {TensorFlow},
  title = {{An open-source software library for Machine Intelligence}},
  howpublished = "\url{https://www.tensorflow.org/}",
  year = {last accessed 2017}
}


@misc{tensorflow,
    author = {TensorFlow},
    title = {{Vector Representations of Words}},
    howpublished = "\url{https://www.tensorflow.org/tutorials/word2vec}",  
    year = {last accessed 2017}
}

@article{manurung2004evolutionary,
  title={An evolutionary algorithm approach to poetry generation},
  author={Manurung, Hisar},
  year={2004},
  publisher={University of Edinburgh. College of Science and Engineering. School of Informatics.}
}

@article{manurung2012using,
  title={Using genetic algorithms to create meaningful poetic text},
  author={Manurung, Ruli and Ritchie, Graeme and Thompson, Henry},
  journal={Journal of Experimental \& Theoretical Artificial Intelligence},
  volume={24},
  number={1},
  pages={43--64},
  year={2012},
  publisher={Taylor \& Francis}
}

@inproceedings{jiang2008generating,
  title={Generating Chinese couplets using a statistical MT approach},
  author={Jiang, Long and Zhou, Ming},
  booktitle={Proceedings of the 22nd International Conference on Computational Linguistics-Volume 1},
  pages={377--384},
  year={2008},
  organization={Association for Computational Linguistics}
}

@article{rumelhart1986,
  title={Sequential thought processes in PDP models},
  author={Rumelhart, David E and Smolensky, Paul and McClelland, James L and Hinton, G},
  journal={Parallel distributed processing: explorations in the microstructures of cognition},
  volume={2},
  pages={3--57},
  year={1986}
}

@book{goodfellow2016deeplearning,
  title={Deep learning},
  author={Goodfellow, Ian and Bengio, Yoshua and Courville, Aaron},
  year={2016},
  publisher={MIT Press}
}

@article{hochreiter1997lstm,
  title={Long short-term memory},
  author={Hochreiter, Sepp and Schmidhuber, J{\"u}rgen},
  journal={Neural computation},
  volume={9},
  number={8},
  pages={1735--1780},
  year={1997},
  publisher={MIT Press}
}

@article{1960quantangshi,
  title={Quan Tangshi},
  author={Cao, Yin and Peng, Dingqiu},
  journal={Beijing: Zhonghua shu ju},
  year={1960}
}

@inproceedings{netzer2009gaiku,
  title={Gaiku: Generating haiku with word associations norms},
  author={Netzer, Yael and Gabay, David and Goldberg, Yoav and Elhadad, Michael},
  booktitle={Proceedings of the Workshop on Computational Approaches to Linguistic Creativity},
  pages={32--39},
  year={2009},
  organization={Association for Computational Linguistics}
}

@article{oliveira2012poetryme,
  title={PoeTryMe: a versatile platform for poetry generation},
  author={Oliveira, Hugo Gon{\c{c}}alo},
  journal={Computational Creativity, Concept Invention, and General Intelligence},
  volume={1},
  pages={21},
  year={2012}
}

@inproceedings{papineni2002bleu,
  title={BLEU: a method for automatic evaluation of machine translation},
  author={Papineni, Kishore and Roukos, Salim and Ward, Todd and Zhu, Wei-Jing},
  booktitle={Proceedings of the 40th annual meeting on association for computational linguistics},
  pages={311--318},
  year={2002},
  organization={Association for Computational Linguistics}
}

@inproceedings{yan2013poet,
  title={i, Poet: Automatic Chinese Poetry Composition through a Generative Summarization Framework under Constrained Optimization.},
  author={Yan, Rui and Jiang, Han and Lapata, Mirella and Lin, Shou-De and Lv, Xueqiang and Li, Xiaoming},
  booktitle={IJCAI},
  year={2013}
}

@book{banzhaf1998genetic,
  title={Genetic programming: an introduction},
  author={Banzhaf, Wolfgang and Nordin, Peter and Keller, Robert E and Francone, Frank D},
  volume={1},
  year={1998},
  publisher={Morgan Kaufmann San Francisco}
}
@article{holland1975adaptation,
  title={Adaptation in natural and artificial systems: An introductory analysis with applications to biology, control, and artificial intelligence.},
  author={Holland, John H},
  year={1975},
  publisher={U Michigan Press}
}

@book{christopher2006prml,
  title={Pattern recognition and machine learning},
  author={Christopher M.. Bishop},
  year={2006},
  publisher={Springer}
}

@inproceedings{goodfellow2014gan,
  title={Generative adversarial nets},
  author={Goodfellow, Ian and Pouget-Abadie, Jean and Mirza, Mehdi and Xu, Bing and Warde-Farley, David and Ozair, Sherjil and Courville, Aaron and Bengio, Yoshua},
  booktitle={Advances in neural information processing systems},
  pages={2672--2680},
  year={2014}
}

@article{zhou2010genetic,
  title={Genetic algorithm and its implementation of automatic generation of chinese songci},
  author={Zhou, Cheng-Le and You, Wei and Ding, Xiaojun},
  journal={Journal of Software},
  volume={21},
  number={3},
  pages={427--437},
  year={2010}
}

@article{mogren2016crnngan,
  title={C-RNN-GAN: Continuous recurrent neural networks with adversarial training},
  author={Mogren, Olof},
  journal={arXiv preprint arXiv:1611.09904},
  year={2016}
}


@article{huszar2015,
  title={How (not) to Train your Generative Model: Scheduled Sampling, Likelihood, Adversary?},
  author={Husz{\'a}r, Ferenc},
  journal={arXiv preprint arXiv:1511.05101},
  year={2015}
}

@article{yu2016seqgan,
  title={Seqgan: sequence generative adversarial nets with policy gradient},
  author={Yu, Lantao and Zhang, Weinan and Wang, Jun and Yu, Yong},
  journal={arXiv preprint arXiv:1609.05473},
  year={2016}
}

@article{srivastava2015highway,
  title={Highway networks},
  author={Srivastava, Rupesh Kumar and Greff, Klaus and Schmidhuber, J{\"u}rgen},
  journal={arXiv preprint arXiv:1505.00387},
  year={2015}
}

@article{hinton2012dropout,
  title={Improving neural networks by preventing co-adaptation of feature detectors},
  author={Hinton, Geoffrey E and Srivastava, Nitish and Krizhevsky, Alex and Sutskever, Ilya and Salakhutdinov, Ruslan R},
  journal={arXiv preprint arXiv:1207.0580},
  year={2012}
}

@article{kingma2014adam,
  title={Adam: A method for stochastic optimization},
  author={Kingma, Diederik and Ba, Jimmy},
  journal={arXiv preprint arXiv:1412.6980},
  year={2014}
}

@article{wang2016baidu,
  title={Chinese poetry generation with planning based neural network},
  author={Wang, Zhe and He, Wei and Wu, Hua and Wu, Haiyang and Li, Wei and Wang, Haifeng and Chen, Enhong},
  journal={arXiv preprint arXiv:1610.09889},
  year={2016}
}

@article{liu2016evaluate,
  title={How NOT to evaluate your dialogue system: An empirical study of unsupervised evaluation metrics for dialogue response generation},
  author={Liu, Chia-Wei and Lowe, Ryan and Serban, Iulian V and Noseworthy, Michael and Charlin, Laurent and Pineau, Joelle},
  journal={arXiv preprint arXiv:1603.08023},
  year={2016}
}

@misc{lookbackRNN,
    author = {Elliot Waite},
    title = {{Generating Long-Term Structure in Songs and Stories}},
    howpublished = "\url{https://magenta.tensorflow.org/2016/07/15/lookback-rnn-attention-rnn}",  
    year = {last accessed 2017}
}
