@inproceedings{tosa2008hitch,
  title={Hitch haiku: An interactive supporting system for composing haiku poem},
  author={Tosa, Naoko and Obara, Hideto and Minoh, Michihiko},
  booktitle={International Conference on Entertainment Computing},
  pages={209--216},
  year={2008},
  organization={Springer}
}

@inproceedings{wu2009new,
  title={New hitch haiku: An interactive renku poem composition supporting tool applied for sightseeing navigation system},
  author={Wu, Xiaofeng and Tosa, Naoko and Nakatsu, Ryohei},
  booktitle={International Conference on Entertainment Computing},
  pages={191--196},
  year={2009},
  organization={Springer}
}

@article{malmi2015dopelearning,
  title={Dopelearning: A computational approach to rap lyrics generation},
  author={Malmi, Eric and Takala, Pyry and Toivonen, Hannu and Raiko, Tapani and Gionis, Aristides},
  journal={arXiv preprint arXiv:1505.04771},
  year={2015}
}

@inproceedings{mikolov2010recurrent,
  title={Recurrent neural network based language model.},
  author={Mikolov, Tomas and Karafi{\'a}t, Martin and Burget, Lukas and Cernock{\`y}, Jan and Khudanpur, Sanjeev},
  booktitle={Interspeech},
  volume={2},
  pages={3},
  year={2010}
}

@inproceedings{zhang2014chinese,
  title={Chinese Poetry Generation with Recurrent Neural Networks.},
  author={Zhang, Xingxing and Lapata, Mirella},
  booktitle={EMNLP},
  pages={670--680},
  year={2014}
}

@article{yanchinese,
  title={Chinese Couplet Generation with Neural Network Structures},
  author={Yan, Rui and Li, Cheng-Te and Hu, Xiaohua and Zhang, Ming}
}

@article{wang2016chinese,
  title={Chinese song iambics generation with neural attention-based model},
  author={Wang, Qixin and Luo, Tianyi and Wang, Dong and Xing, Chao},
  journal={arXiv preprint arXiv:1604.06274},
  year={2016}
}

@article{bahdanau2014neural,
  title={Neural machine translation by jointly learning to align and translate},
  author={Bahdanau, Dzmitry and Cho, Kyunghyun and Bengio, Yoshua},
  journal={arXiv preprint arXiv:1409.0473},
  year={2014}
}

@book{cai2008chinesepoetry,
  title={How to read Chinese poetry: a guided anthology},
  author={Cai, Zong-qi},
  year={2008},
  publisher={Columbia University Press}
}

@misc{wikici,
  author = {Wikipedia},
  title = {{Ci (poetry)}},
  howpublished = "\url{https://en.wikipedia.org/wiki/Ci_(poetry)/}",
  year = {last accessed 2017}
}

@misc{tensorflow,
    author = {TensorFlow},
    title = {{Vector Representations of Words}},
    howpublished = "\url{https://www.tensorflow.org/tutorials/word2vec}",  
    year = {last accessed 2017}
}

@article{manurung2004evolutionary,
  title={An evolutionary algorithm approach to poetry generation},
  author={Manurung, Hisar},
  year={2004},
  publisher={University of Edinburgh. College of Science and Engineering. School of Informatics.}
}

@article{manurung2012using,
  title={Using genetic algorithms to create meaningful poetic text},
  author={Manurung, Ruli and Ritchie, Graeme and Thompson, Henry},
  journal={Journal of Experimental \& Theoretical Artificial Intelligence},
  volume={24},
  number={1},
  pages={43--64},
  year={2012},
  publisher={Taylor \& Francis}
}

@inproceedings{jiang2008generating,
  title={Generating Chinese couplets using a statistical MT approach},
  author={Jiang, Long and Zhou, Ming},
  booktitle={Proceedings of the 22nd International Conference on Computational Linguistics-Volume 1},
  pages={377--384},
  year={2008},
  organization={Association for Computational Linguistics}
}
